@PROCEEDINGS{.2015,
  PUBLISHER = {IEEE},
  DATE = {2015},
  ISBN = {978-1-4673-7067-7},
  TITLE = {2015 IEEE/ACM 2nd International Workshop on Rapid Continuous Software Engineering},
}

@INPROCEEDINGS{Laukkanen.2015,
  AUTHOR = {Laukkanen, Eero and Mantyla, Mika},
  PUBLISHER = {IEEE},
  BOOKTITLE = {2015 IEEE/ACM 2nd International Workshop on Rapid Continuous Software Engineering},
  DATE = {2015},
  DOI = {10.1109/RCoSE.2015.8},
  ISBN = {978-1-4673-7067-7},
  PAGES = {1--4},
  TITLE = {Build Waiting Time in Continuous Integration -- An Initial Interdisciplinary Literature Review},
}

@BOOK{Mu.2018,
  AUTHOR = {Mu, Enrique and Pereyra-Rojas, Milagros},
  LOCATION = {Cham},
  PUBLISHER = {Springer},
  URL = {http://www.springer.com/},
  DATE = {2018},
  ISBN = {978-3-319-68369-0},
  SERIES = {SpringerBriefs in Operations Research},
  TITLE = {Practical decision making using super decisions v3: An introduction to the analytic hierarchy process},
}

@ARTICLE{Peters.2004,
  AUTHOR = {Peters, Malte L. and Zelewski, Stephan},
  DATE = {2004},
  ISSN = {1613-8392},
  JOURNALTITLE = {Zeitschrift für Planung {\&} Unternehmenssteuerung},
  NUMBER = {3},
  PAGES = {295--324},
  TITLE = {Möglichkeiten und Grenzen des ``Analytic Hierarchy Process'' (AHP) als Verfahren zur Wirtschaftlichkeitsanalyse},
  VOLUME = {15},
}

@BOOK{Saaty.2012,
  ABSTRACT = {The Analytic Hierarchy Process (AHP) is a prominent and powerful tool for making decisions in situations involving multiple objectives. Models, Methods, Concepts and Applications of the Analytic Hierarchy Process, 2nd Edition applies the AHP in order to solve problems focused on the following three themes: economics, the social sciences, and the linking of measurement with human values. For economists, the AHP offers a substantially different approach to dealing with economic problems through ratio scales. Psychologists and political scientists can use the methodology to quantify and derive measurements for intangibles. Meanwhile researchers in the physical and engineering sciences can apply the AHP methods to help resolve the conflicts between hard measurement data and human values. Throughout the book, each of these topics is explored utilizing real life models and examples, relevant to problems in today's society. This new edition has been updated and includes five new chapters that includes discussions of the following: -~~~~~~~~~ The eigenvector and why it is necessary -~~~~~~~~~ A summary of ongoing research in the Middle East that brings together Israeli and Palestinian scholars to develop concessions from both parties -~~~~~~~~~ A look at the Medicare Crisis and how AHP can be used to understand the problems and help develop ideas to solve them.},
  AUTHOR = {Saaty, Thomas L. and Vargas, Luis G.},
  LOCATION = {Boston, MA},
  PUBLISHER = {Springer US},
  URL = {http://dx.doi.org/10.1007/978-1-4614-3597-6},
  DATE = {2012},
  EDITION = {2nd ed. 2012},
  ISBN = {978-1-4614-3597-6},
  SERIES = {SpringerLink Bücher},
  TITLE = {Models, methods, concepts {\&} applications of the analytic hierarchy process},
  VOLUME = {175},
}

@ARTICLE{Shahin.2017,
  AUTHOR = {Shahin, Mojtaba and {Ali Babar}, Muhammad and Zhu, Liming},
  DATE = {2017},
  ISSN = {2169-3536},
  JOURNALTITLE = {IEEE Access},
  PAGES = {3909--3943},
  TITLE = {Continuous Integration, Delivery and Deployment: A Systematic Review on Approaches, Tools, Challenges and Practices},
  VOLUME = {5},
}

@MISC{Baerisch.2005,
  AUTHOR = {Baerisch, Stefan},
  URL = {http://d-nb.info/980938570},
  DATE = {2005},
  TITLE = {IZ-Arbeitsbericht Nr.36. Versionskontrollsysteme in der Softwareentwicklung. Bonn: Informationszentrum Sozialwissenschaften der Arbeits-gemeinschaft Sozialwissenschaftlicher Institute e.V. (ASI).},
  URLDATE = {2018-06-05},
}

@BOOK{Kleine.2012,
  ABSTRACT = {Version Control Systems (VCS) allow developers to manage changes to software artifacts. Developers interact with VCSs through a variety of client programs, such as graphical front-ends or command line tools. It is desirable to use the same version control client program against different VCSs. Unfortunately, no established abstraction over VCS concepts exists. Instead, VCS client programs implement ad-hoc solutions to support interaction with multiple VCSs. This thesis presents Pur, an abstraction over version control concepts that allows building rich client programs that can interact with multiple VCSs. We provide an implementation of this abstraction and validate it by implementing a client application.},
  AUTHOR = {Kleine, Matthias and Hirschfeld, Robert and Bracha, Gilad},
  LOCATION = {Potsdam},
  PUBLISHER = {Univ.-Verl. Potsdam},
  URL = {http://nbn-resolving.de/urn:nbn:de:kobv:517-opus-55629},
  DATE = {2012},
  ISBN = {3869561580},
  SERIES = {Technische Berichte des Hasso-Plattner-Instituts für Softwaresystemtechnik an der Universität Potsdam},
  TITLE = {An abstraction for version control systems},
  VOLUME = {54},
}

@BOOK{Loeliger.2010,
  ABSTRACT = {Git wurde von keinem Geringeren als Linus Torvalds ins Leben gerufen. Sein Ziel: die Zusammenarbeit der in aller Welt verteilten Entwickler des Linux-Kernels zu optimieren. Mittlerweile hat das enorm schnelle und flexible System eine gro{ß}e Fangemeinde gewonnen. Viele Entwickler ziehen es zentralisierten Systemen vor, und zahlreiche bekannte Entwicklungsprojekte sind schon auf Git umgestiegen. Verständliche Einführung Wer Git einsetzen und dabei grö{ß}tmöglichen Nutzen aus seinen vielseitigen Funktionen ziehen möchte, findet in diesem Buch einen idealen Begleiter. Versionskontrolle mit Git führt gründlich und gut verständlich in die leistungsstarke Open Source-Software ein und demonstriert ihre vielfältigen Einsatzmöglichkeiten. Auf dieser Basis kann der Leser Git schon nach kurzer Zeit produktiv nutzen und optimal auf die Besonderheiten seines Projekts abstimmen. Insider-Tipps aus erster Hand Jon Loeliger, der selbst zum Git-Entwicklerteam gehört, lässt den Leser tief ins Innere des Systems blicken, so dass er ein umfassendes Verständnis seiner internen Datenstrukturen und Aktionen erlangt. Neben alltäglicheren Szenarios behandelt Loeliger auch fortgeschrittene Themen wie die Verwendung von Hooks zum Automatisieren von Schritten, das Kombinieren von mehreren Projekten und Repositories zu einem Superprojekt sowie die Arbeit mit Subversion-Repositories in Git-Projekten. Versionskontrolle mit Git erläutert unter anderem: * grundlegende Konzepte von Git * das Verwalten von Diffs, Merges, Konflikten und Patches * erweiterte Techniken wie Rebasing, Hooks und die Arbeit mit mehreren Repositories * den Einsatz von Git in Kombination mit Subversion},
  AUTHOR = {Loeliger, Jon},
  LOCATION = {s.l.},
  PUBLISHER = {O'Reilly Verlag},
  URL = {http://site.ebrary.com/lib/alltitles/docDetail.action?docID=10762330},
  DATE = {2010},
  EDITION = {1. Aufl.},
  ISBN = {389721945X},
  TITLE = {Versionskontrolle mit Git: Mit Blick unter die Motorhaube},
}

@BOOK{Versteegen.2003,
  AUTHOR = {Versteegen, Gerhard and Weischedel, Guido},
  LOCATION = {Berlin, Heidelberg},
  PUBLISHER = {Springer Berlin Heidelberg},
  DATE = {2003},
  DOI = {10.1007/978-3-642-55817-7},
  ISBN = {978-3-642-62839-9},
  TITLE = {Konfigurationsmanagement},
}

@BOOK{Pilato.2009,
  AUTHOR = {Pilato, C. Michael and Collins-Sussman, Ben and Fitzpatrick, Brian W.},
  LOCATION = {Köln u.a.},
  PUBLISHER = {O'Reilly},
  DATE = {2009},
  EDITION = {3. Aufl., komplett überarb. u. aktual},
  ISBN = {3897218976},
  TITLE = {Versionskontrolle mit Subversion: [Software-Projekte intelligent koordinieren]},
}

@BOOK{Brunelli.2015,
  AUTHOR = {Brunelli, Matteo},
  URL = {http://dx.doi.org/10.1007/978-3-319-12502-2},
  DATE = {2015},
  ISBN = {978-3-319-12502-2},
  SERIES = {SpringerBriefs in Operations Research},
  TITLE = {Introduction to the Analytic Hierarchy Process},
}

@BOOK{Kuehnapfel.2014,
  AUTHOR = {Kuehnapfel, Jörg B.},
  LOCATION = {Wiesbaden},
  PUBLISHER = {Springer Fachmedien Wiesbaden},
  DATE = {2014},
  DOI = {10.1007/978-3-658-05509-7},
  ISBN = {978-3-658-05508-0},
  TITLE = {Nutzwertanalysen in Marketing und Vertrieb},
}

@MISC{TUM.2015,
  AUTHOR = {{Technische Universität München}},
  URL = {http://www.fwl.wi.tum.de/fileadmin/Downloads/Master_Forst/AHP_2015.pdf},
  DATE = {2015},
  TITLE = {Analytischer Hierarchieprozess (AHP) Methodik der multikriteriellen Bewertung},
  URLDATE = {2018-12-05},
}

@BOOK{Hausladen.2016,
  AUTHOR = {Hausladen, Iris},
  LOCATION = {Wiesbaden},
  PUBLISHER = {Springer Fachmedien Wiesbaden},
  DATE = {2016},
  DOI = {10.1007/978-3-658-13080-0},
  ISBN = {978-3-658-13079-4},
  TITLE = {IT-gestützte Logistik},
}

@BOOK{Fink.2006,
  ABSTRACT = {Vor dem Hintergrund des internationalen Innovations- und Produktivitätswettbewerbs wird Innovationsstärke  initiiert durch Methoden und Techniken der Wirtschaftsinformatik  zum Schlüssel des langfristigen Unternehmenserfolgs. Renommierte Autoren aus Wissenschaft und Praxis diskutieren die Bedeutung der Wirtschaftsinformatik, die die Informations- und Know-how-Gesellschaft ma{ß}geblich verändert hat. Die Beiträge reflektieren die führende Rolle der Wirtschaftsinformatik als Wissenschaftsdisziplin im Spannungsfeld der Theorie, der Praxis und der Hochschulpolitik.Mit diesem Buch würdigen die Autoren Professor Dr. Friedrich Roithmayr anlässlich seines sechzigsten Geburtstags. Renommierte Autoren aus Wissenschaft, Praxis und Hochschulpolitik diskutieren die Bedeutung der Wirtschaftsinformatik als Schlüssel zum Unternehmenserfolg. Prof. Dr. Kerstin Fink ist Leiterin des Instituts für Wirtschaftsinformatik, Produktionswirtschaft und Logistik. Mag. Christian Ploder ist wissenschaftlicher Mitarbeiter an o.g. Lehrstuhl.},
  AUTHOR = {Fink, Kerstin and Ploder, Christian},
  LOCATION = {s.l.},
  PUBLISHER = {DUV Deutscher Universitäts-Verlag},
  URL = {http://gbv.eblib.com/patron/FullRecord.aspx?p=748504},
  DATE = {2006},
  EDITION = {1. Aufl.},
  ISBN = {978-3-8350-9122-1},
  TITLE = {Wirtschaftsinformatik als Schlüssel zum Unternehmenserfolg},
}

@ARTICLE{Saaty.1977,
  AUTHOR = {Saaty, Thomas L.},
  DATE = {1977},
  ISSN = {00222496},
  JOURNALTITLE = {Journal of Mathematical Psychology},
  NUMBER = {3},
  PAGES = {234--281},
  TITLE = {A scaling method for priorities in hierarchical structures},
  VOLUME = {15},
}

@INPROCEEDINGS{Arachchi.2018,
  AUTHOR = {Arachchi, S.A.I.B.S. and Perera, Indika},
  PUBLISHER = {IEEE},
  BOOKTITLE = {2018 Moratuwa Engineering Research Conference (MERCon)},
  DATE = {2018},
  ISBN = {978-1-5386-4417-1},
  PAGES = {156--161},
  TITLE = {Continuous Integration and Continuous Delivery Pipeline Automation for Agile Software Project Management},
}

@BOOK{Stahl.2018,
  AUTHOR = {Stahl, Daniel and Torvald, Martenson},
  PUBLISHER = {Lulu.com},
  DATE = {2018},
  ISBN = {9781387253760},
  TITLE = {CONTINUOUS PRACTICES: A strategic approach to accelerating the software production system},
}

@BOOK{Rossel.2017,
  AUTHOR = {Rossel, Sander},
  LOCATION = {Birmingham, UK},
  PUBLISHER = {Packt Publishing},
  URL = {http://proquest.tech.safaribooksonline.de/9781787286610},
  DATE = {2017},
  ISBN = {978-1-78728-418-0},
  TITLE = {Continuous integration, delivery, and deployment: Reliable and faster software releases with automating builds, tests, and deployment},
}

@MISC{Capgemini.2017,
  AUTHOR = {Capgemini},
  URL = {https://de-statista-com.ezproxy-dhma-2.redi-bw.de/statistik/daten/studie/818047/umfrage/anforderungen-an-it-abteilungen-in-unternehmen-in-der-dach-region/},
  DATE = {2018},
  TITLE = {Was sind die drei wichtigsten Anforderungen Ihrer Geschäftsleitung an die IT im Jahr 2018? Zitiert nach de.statista.com},
  URLDATE = {2019-01-02},
}

