% This file was created with Citavi 5.5.0.1

@proceedings{.2015,
	year = {2015},
	title = {2015 IEEE/ACM 2nd International Workshop on Rapid Continuous Software Engineering},
	publisher = {IEEE},
	isbn = {978-1-4673-7067-7}
}


@inproceedings{Laukkanen.2015,
	author = {Laukkanen, Eero and Mantyla, Mika},
	title = {Build Waiting Time in Continuous Integration -- An Initial Interdisciplinary Literature Review},
	pages = {1--4},
	publisher = {IEEE},
	isbn = {978-1-4673-7067-7},
	booktitle = {2015 IEEE/ACM 2nd International Workshop on Rapid Continuous Software Engineering},
	year = {2015},
	doi = {10.1109/RCoSE.2015.8}
}


@book{Mu.2018,
	author = {Mu, Enrique and Pereyra-Rojas, Milagros},
	year = {2018},
	title = {Practical decision making using super decisions v3: An introduction to the analytic hierarchy process},
	url = {http://www.springer.com/},
	price = {(Book : circa EUR 53.49 (DE) (freier Preis), circa EUR 54.99 (AT) (freier Preis), circa CHF 55.00 (freier Preis))},
	address = {Cham},
	publisher = {Springer},
	isbn = {978-3-319-68369-0},
	series = {SpringerBriefs in Operations Research}
}


@article{Peters.2004,
	author = {Peters, Malte L. and Zelewski, Stephan},
	year = {2004},
	title = {M{\"o}glichkeiten und Grenzen des ``Analytic Hierarchy Process'' (AHP) als Verfahren zur Wirtschaftlichkeitsanalyse},
	pages = {295--324},
	volume = {15},
	number = {3},
	issn = {1613-8392},
	journal = {Zeitschrift f{\"u}r Planung {\&} Unternehmenssteuerung}
}


@book{Saaty.2012,
	abstract = {The Analytic Hierarchy Process (AHP) is a prominent and powerful tool for making decisions in situations involving multiple objectives. Models, Methods, Concepts and Applications of the Analytic Hierarchy Process, 2nd Edition applies the AHP in order to solve problems focused on the following three themes: economics, the social sciences, and the linking of measurement with human values. For economists, the AHP offers a substantially different approach to dealing with economic problems through ratio scales. Psychologists and political scientists can use the methodology to quantify and derive measurements for intangibles. Meanwhile researchers in the physical and engineering sciences can apply the AHP methods to help resolve the conflicts between hard measurement data and human values. Throughout the book, each of these topics is explored utilizing real life models and examples, relevant to problems in today's society. This new edition has been updated and includes five new chapters that includes discussions of the following: -~~~~~~~~~ The eigenvector and why it is necessary -~~~~~~~~~ A summary of ongoing research in the Middle East that brings together Israeli and Palestinian scholars to develop concessions from both parties -~~~~~~~~~ A look at the Medicare Crisis and how AHP can be used to understand the problems and help develop ideas to solve them.},
	author = {Saaty, Thomas L. and Vargas, Luis G.},
	year = {2012},
	title = {Models, methods, concepts {\&} applications of the analytic hierarchy process},
	url = {http://dx.doi.org/10.1007/978-1-4614-3597-6},
	address = {Boston, MA},
	edition = {2nd ed. 2012},
	volume = {175},
	publisher = {{Springer US}},
	isbn = {978-1-4614-3597-6},
	series = {SpringerLink B{\"u}cher}
}


@article{Shahin.2017,
	author = {Shahin, Mojtaba and {Ali Babar}, Muhammad and Zhu, Liming},
	year = {2017},
	title = {Continuous Integration, Delivery and Deployment: A Systematic Review on Approaches, Tools, Challenges and Practices},
	pages = {3909--3943},
	volume = {5},
	issn = {2169-3536},
	journal = {IEEE Access}
}

@misc{Baerisch.2005,
	author = {Baerisch, Stefan},
	year = {2005},
	title = {IZ-Arbeitsbericht Nr.36. Versionskontrollsysteme in der Softwareentwicklung. Bonn: Informationszentrum Sozialwissenschaften der Arbeits-gemeinschaft Sozialwissenschaftlicher Institute e.V. (ASI).},
	url = {http://d-nb.info/980938570},
	urldate = {2018-06-05}
}

@book{Kleine.2012,
	abstract = {Version Control Systems (VCS) allow developers to manage changes to software artifacts. Developers interact with VCSs through a variety of client programs, such as graphical front-ends or command line tools. It is desirable to use the same version control client program against different VCSs. Unfortunately, no established abstraction over VCS concepts exists. Instead, VCS client programs implement ad-hoc solutions to support interaction with multiple VCSs. This thesis presents Pur, an abstraction over version control concepts that allows building rich client programs that can interact with multiple VCSs. We provide an implementation of this abstraction and validate it by implementing a client application.},
	author = {Kleine, Matthias and Hirschfeld, Robert and Bracha, Gilad},
	year = {2012},
	title = {An abstraction for version control systems},
	url = {http://nbn-resolving.de/urn:nbn:de:kobv:517-opus-55629},
	address = {Potsdam},
	volume = {54},
	publisher = {{Univ.-Verl. Potsdam}},
	isbn = {3869561580},
	series = {Technische Berichte des Hasso-Plattner-Instituts f{\"u}r Softwaresystemtechnik an der Universit{\"a}t Potsdam}
}

@book{Loeliger.2010,
	abstract = {Git wurde von keinem Geringeren als Linus Torvalds ins Leben gerufen. Sein Ziel: die Zusammenarbeit der in aller Welt verteilten Entwickler des Linux-Kernels zu optimieren. Mittlerweile hat das enorm schnelle und flexible System eine gro{\ss}e Fangemeinde gewonnen. Viele Entwickler ziehen es zentralisierten Systemen vor, und zahlreiche bekannte Entwicklungsprojekte sind schon auf Git umgestiegen. Verst{\"a}ndliche Einf{\"u}hrung Wer Git einsetzen und dabei gr{\"o}{\ss}tm{\"o}glichen Nutzen aus seinen vielseitigen Funktionen ziehen m{\"o}chte, findet in diesem Buch einen idealen Begleiter. Versionskontrolle mit Git f{\"u}hrt gr{\"u}ndlich und gut verst{\"a}ndlich in die leistungsstarke Open Source-Software ein und demonstriert ihre vielf{\"a}ltigen Einsatzm{\"o}glichkeiten. Auf dieser Basis kann der Leser Git schon nach kurzer Zeit produktiv nutzen und optimal auf die Besonderheiten seines Projekts abstimmen. Insider-Tipps aus erster Hand Jon Loeliger, der selbst zum Git-Entwicklerteam geh{\"o}rt, l{\"a}sst den Leser tief ins Innere des Systems blicken, so dass er ein umfassendes Verst{\"a}ndnis seiner internen Datenstrukturen und Aktionen erlangt. Neben allt{\"a}glicheren Szenarios behandelt Loeliger auch fortgeschrittene Themen wie die Verwendung von Hooks zum Automatisieren von Schritten, das Kombinieren von mehreren Projekten und Repositories zu einem Superprojekt sowie die Arbeit mit Subversion-Repositories in Git-Projekten. Versionskontrolle mit Git erl{\"a}utert unter anderem:  * grundlegende Konzepte von Git  * das Verwalten von Diffs, Merges, Konflikten und Patches  * erweiterte Techniken wie Rebasing, Hooks und die Arbeit mit mehreren Repositories  * den Einsatz von Git in Kombination mit Subversion},
	author = {Loeliger, Jon},
	year = {2010},
	title = {Versionskontrolle mit Git: Mit Blick unter die Motorhaube},
	url = {http://site.ebrary.com/lib/alltitles/docDetail.action?docID=10762330},
	address = {s.l.},
	edition = {1. Aufl.},
	publisher = {{O'Reilly Verlag}},
	isbn = {389721945X}
}


@book{Versteegen.2003,
	author = {Versteegen, Gerhard and Weischedel, Guido},
	year = {2003},
	title = {Konfigurationsmanagement},
	address = {Berlin, Heidelberg},
	publisher = {{Springer Berlin Heidelberg}},
	isbn = {978-3-642-62839-9},
	doi = {10.1007/978-3-642-55817-7}
}

@book{Pilato.2009,
	author = {Pilato, C. Michael and Collins-Sussman, Ben and Fitzpatrick, Brian W.},
	year = {2009},
	title = {Versionskontrolle mit Subversion: [Software-Projekte intelligent koordinieren]},
	price = {Pp. : EUR 39.90},
	address = {K{\"o}ln u.a.},
	edition = {3. Aufl., komplett {\"u}berarb. u. aktual},
	publisher = {O'Reilly},
	isbn = {3897218976}
}
% This file was created with Citavi 5.7.1.0

@book{Brunelli.2015,
	author = {Brunelli, Matteo},
	year = {2015},
	title = {Introduction to the Analytic Hierarchy Process},
	url = {http://dx.doi.org/10.1007/978-3-319-12502-2},
	isbn = {978-3-319-12502-2},
	series = {SpringerBriefs in Operations Research}
}


@book{Kuehnapfel.2014,
	author = {Kuehnapfel, J{\"o}rg B.},
	year = {2014},
	title = {Nutzwertanalysen in Marketing und Vertrieb},
	address = {Wiesbaden},
	publisher = {{Springer Fachmedien Wiesbaden}},
	isbn = {978-3-658-05508-0},
	doi = {10.1007/978-3-658-05509-7}
}

@misc{TUM.2015,
	author = {Technische Universität München},
	year = {2015},
	title = {Analytischer Hierarchieprozess (AHP) Methodik der multikriteriellen Bewertung},
	url = {http://www.fwl.wi.tum.de/fileadmin/Downloads/Master_Forst/AHP_2015.pdf},
	urldate = {2018-12-05}
}
% This file was created with Citavi 5.7.1.0

@book{Hausladen.2016,
	author = {Hausladen, Iris},
	year = {2016},
	title = {IT-gest{\"u}tzte Logistik},
	address = {Wiesbaden},
	publisher = {{Springer Fachmedien Wiesbaden}},
	isbn = {978-3-658-13079-4},
	doi = {10.1007/978-3-658-13080-0}
}




